<?xml version="1.0" encoding="UTF-8"?><collection xmlns="http://www.loc.gov/MARC21/slim"><record><leader>00549nam--2200193-i-4500</leader><controlfield tag="001">000014397</controlfield><controlfield tag="002">20161230</controlfield><controlfield tag="005">20170125231606</controlfield><controlfield tag="008">060222s1000------------r-----000-0-eng-d</controlfield><datafield ind1=" " ind2=" " tag="020"><subfield code="a">9630525224</subfield></datafield><datafield ind1=" " ind2=" " tag="040"><subfield code="a">IFIN-HH</subfield></datafield><datafield ind1=" " ind2=" " tag="080"><subfield code="a">539.27</subfield></datafield><datafield ind1="1" ind2=" " tag="100"><subfield code="a">Hargittai, Istvan</subfield></datafield><datafield ind1="1" ind2="0" tag="245"><subfield code="a">Diffraction studies on non-crystalline substances</subfield><subfield code="c">Istvan Hargittai, W.J. Orville-Thomas (eds.)</subfield></datafield><datafield ind1=" " ind2=" " tag="260"><subfield code="a">Budapest</subfield><subfield code="b">Akad©♭miai Kiad©đ</subfield><subfield code="c">1981</subfield></datafield><datafield ind1=" " ind2=" " tag="300"><subfield code="a">894 p</subfield></datafield><datafield ind1="1" ind2=" " tag="700"><subfield code="a">Orville-Thomas, W. J</subfield><subfield code="e">Ed</subfield></datafield><datafield ind1=" " ind2=" " tag="852"><subfield code="a">70725</subfield><subfield code="c">539.2</subfield></datafield><datafield ind1=" " ind2=" " tag="CAT"><subfield code="a">SYS</subfield><subfield code="c">20170125</subfield><subfield code="h">231606</subfield></datafield></record></collection>